%% This BibTeX bibliography file was created using BibDesk.
%% https://bibdesk.sourceforge.io/

%% Created for Brent Seidel at 2024-08-27 13:23:41 -0700 


%% Saved with string encoding Unicode (UTF-8) 



@webpage{TB6612,
	author = {Toshiba},
	date-added = {2024-08-27 13:11:05 -0700},
	date-modified = {2024-08-27 13:23:39 -0700},
	keywords = {Datasheet},
	lastchecked = {27-Aug-2024},
	month = {10},
	organization = {Toshiba},
	title = {TB6612FNG Driver IC for Dual DC motor},
	url = {https://toshiba.semicon-storage.com/info/TB6612FNG_datasheet_en_20141001.pdf?did=10660&prodName=TB6612FNG},
	year = {2014}}

@book{Ada2022,
	author = {John Barnes},
	date-added = {2024-07-24 09:20:42 -0700},
	date-modified = {2024-07-24 09:21:17 -0700},
	keywords = {Ada Programming},
	publisher = {Cambridge University Press},
	title = {Programming in Ada 2022},
	year = {2024}}

@book{Ada2012,
	author = {John Barnes},
	date-added = {2024-07-24 09:18:40 -0700},
	date-modified = {2024-07-24 09:20:09 -0700},
	keywords = {Ada Programming},
	publisher = {Cambridge University Press},
	title = {Programming in Ada 2012},
	year = {2014}}

@book{Ada95,
	author = {J.G.P. Barnes},
	date-added = {2024-07-10 15:57:33 -0700},
	date-modified = {2024-07-24 09:20:29 -0700},
	keywords = {Ada Programming},
	publisher = {Addison-Wesley Publishing Company},
	title = {Programming in Ada plus Language Reference Manual},
	year = {1991}}
